@book{penulisanilteks,
  author    = {{Tim Dosen Tata Tulis Karya Ilmiah ITB}}, 
  title     = {Metode Penulisan Ilteks},
  year      = 2017,
}